<?xml version="1.0" encoding="UTF-8"?>
<collection xmlns:xsi="http://www.w3.org/2001/XMLSchema-instance" xsi:schemaLocation="http://www.loc.gov/MARC21/slim http://www.loc.gov/standards/marcxml/schema/MARC21slim.xsd" xmlns="http://www.loc.gov/MARC21/slim">
<record>
  <leader>00974cam a2200253 a 4500</leader>
  <controlfield tag="001">3239018</controlfield>
  <controlfield tag="003">NNC</controlfield>
  <controlfield tag="005">20130426153612.0</controlfield>
  <controlfield tag="008">000823s1845    ua            000 0 arard</controlfield>
  <datafield tag="035" ind1=" " ind2=" ">
    <subfield code="a">(OCoLC)ocm44862094</subfield>
  </datafield>
  <datafield tag="035" ind1=" " ind2=" ">
    <subfield code="9">AUL2413CU</subfield>
  </datafield>
  <datafield tag="035" ind1=" " ind2=" ">
    <subfield code="a">(NNC)3239018</subfield>
  </datafield>
  <datafield tag="040" ind1=" " ind2=" ">
    <subfield code="a">IUL</subfield>
    <subfield code="c">IUL</subfield>
    <subfield code="d">ZCU</subfield>
  </datafield>
  <datafield tag="050" ind1=" " ind2="4">
    <subfield code="a">PJ6101.I115</subfield>
    <subfield code="b">K12</subfield>
  </datafield>
  <datafield tag="099" ind1=" " ind2=" ">
    <subfield code="a">893.74</subfield>
    <subfield code="a">Ib4917</subfield>
  </datafield>
  <datafield tag="100" ind1="1" ind2=" ">
    <subfield code="a">Kafrāwī, Ḥasan ibn ʻAlī,</subfield>
    <subfield code="d">-1787 or 1788.</subfield>
  </datafield>
  <datafield tag="240" ind1="1" ind2="0">
    <subfield code="a">Sharḥ al-Ājurrumīyah</subfield>
  </datafield>
  <datafield tag="245" ind1="1" ind2="0">
    <subfield code="a">Sharḥ al-Kafrāwī ʻalá matn al-Ājurrūmīyah /</subfield>
    <subfield code="c">taʾlīf Ḥasan ibn ʻAlī al-Kafrāwī al-Shāfiʻī al-Azharī.</subfield>
  </datafield>
  <datafield tag="260" ind1=" " ind2=" ">
    <subfield code="a">Miṣr :</subfield>
    <subfield code="b">Dār al-Ṭibāʻah al-ʻĀmirah,</subfield>
    <subfield code="c">1262 [1845]</subfield>
  </datafield>
  <datafield tag="300" ind1=" " ind2=" ">
    <subfield code="a">174 p.</subfield>
  </datafield>
  <datafield tag="600" ind1="1" ind2="0">
    <subfield code="a">Ibn Ājurrūm, Muḥammad ibn Muḥammad,</subfield>
    <subfield code="d">1273 or 1274-1323.</subfield>
    <subfield code="t">Ajurrūmīyah.</subfield>
  </datafield>
  <datafield tag="650" ind1=" " ind2="0">
    <subfield code="a">Arabic language</subfield>
    <subfield code="x">Grammar</subfield>
    <subfield code="v">Early works to 1800.</subfield>
  </datafield>
  <datafield tag="700" ind1="1" ind2=" ">
    <subfield code="a">Ibn Ājurrūm, Muḥammad ibn Muḥammad,</subfield>
    <subfield code="d">1273 or 1274-1323.</subfield>
    <subfield code="t">Ajurrūmīyah.</subfield>
  </datafield>
  <datafield tag="955" ind1=" " ind2=" ">
    <subfield code="b">CU07839529</subfield>
    <subfield code="d">off,rbx</subfield>
    <subfield code="e">893.74 Ib4917</subfield>
  </datafield>
</record>
</collection>